\usepackage{natbib}
@inproceedings{besl1992method,
	title={Method for registration of 3-D shapes},
	author={Besl, Paul J and McKay, Neil D},
	booktitle={Sensor fusion IV: control paradigms and data structures},
	volume={1611},
	pages={586--606},
	year={1992},
	organization={International Society for Optics and Photonics}
}

@article{cucuringu2012sensor,
	title={Sensor network localization by eigenvector synchronization over the Euclidean group},
	author={Cucuringu, Mihai and Lipman, Yaron and Singer, Amit},
	journal={ACM Transactions on Sensor Networks (TOSN)},
	volume={8},
	number={3},
	pages={1--42},
	year={2012},
	publisher={ACM New York, NY, USA}
}

@inproceedings{sharp2002multiview,
	title={Multiview registration of 3D scenes by minimizing error between coordinate frames},
	author={Sharp, Gregory C and Lee, Sang W and Wehe, David K},
	booktitle={European Conference on Computer Vision},
	pages={587--597},
	year={2002},
	organization={Springer}
}
%51
@article{cucuringu2012sensor,
	title={Sensor network localization by eigenvector synchronization over the Euclidean group},
	author={Cucuringu, Mihai and Lipman, Yaron and Singer, Amit},
	journal={ACM Transactions on Sensor Networks (TOSN)},
	volume={8},
	number={3},
	pages={1--42},
	year={2012},
	publisher={ACM New York, NY, USA}
}
%45
@inproceedings{mitra2004registration,
	title={Registration of point cloud data from a geometric optimization perspective},
	author={Mitra, Niloy J and Gelfand, Natasha and Pottmann, Helmut and Guibas, Leonidas},
	booktitle={Proceedings of the 2004 Eurographics/ACM SIGGRAPH symposium on Geometry processing},
	pages={22--31},
	year={2004}
}
%manifold learning
@article{zha2009spectral,
	title={Spectral properties of the alignment matrices in manifold learning},
	author={Zha, Hongyuan and Zhang, Zhenyue},
	journal={SIAM review},
	volume={51},
	number={3},
	pages={545--566},
	year={2009},
	publisher={SIAM}
}

@article{li1995new,
	title={New perturbation bounds for the unitary polar factor},
	author={Li, Ren-Cang},
	journal={SIAM Journal on Matrix Analysis and Applications},
	volume={16},
	number={1},
	pages={327--332},
	year={1995},
	publisher={SIAM}
}

@inproceedings{huang2013consistent,
	title={Consistent shape maps via semidefinite programming},
	author={Huang, Qi-Xing and Guibas, Leonidas},
	booktitle={Computer Graphics Forum},
	volume={32},
	number={5},
	pages={177--186},
	year={2013},
	organization={Wiley Online Library}
}

@article{pottmann2006geometry,
	title={Geometry and convergence analysis of algorithms for registration of 3D shapes},
	author={Pottmann, Helmut and Huang, Qi-Xing and Yang, Yong-Liang and Hu, Shi-Min},
	journal={International Journal of Computer Vision},
	volume={67},
	number={3},
	pages={277--296},
	year={2006},
	publisher={Springer}
}

@article{cucuringu2012eigenvector,
	title={Eigenvector synchronization, graph rigidity and the molecule problem},
	author={Cucuringu, Mihai and Singer, Amit and Cowburn, David},
	journal={Information and Inference: A Journal of the IMA},
	volume={1},
	number={1},
	pages={21--67},
	year={2012},
	publisher={Oxford University Press}
}
@inproceedings{williams2000simultaneous,
	title={Simultaneous registration of multiple point sets using orthonormal matrices},
	author={Williams, John A and Bennamoun, Mohammed},
	booktitle={2000 IEEE International Conference on Acoustics, Speech, and Signal Processing. Proceedings (Cat. No. 00CH37100)},
	volume={4},
	pages={2199--2202},
	year={2000},
	organization={IEEE}
}